@online{guille,
    author = "Guillermo Venturini ",
    title = "Tipos de memorias de una computadora",
    url  =" https://www.tecnologia-informatica.com/tipos-memorias-computadora",
    addendum = "(accessed: 05.09.2020)",
    keywords = "memoria, RAM, motherboard, ROM"
}

@online{agusto,
    author = "Augusto Salazar ",
    title = "Nociones de la memoria del computador",
    url  =" http://www.youbioit.com/es/article/shared-information/8714/como-funciona-la-memoria-de-una-computadora",
    addendum = "(accessed: 05.09.2020)",
    keywords = "memoria"
}
